% Encoding: UTF-8
%==============GENERAL INFANT MORTALITY STATS===============================


@ARTICLE{stats2015population,
  author    = {Statistics, SA},
  title     = {Mid-year population estimates},
  year      = {2015},
  pages     = {1--6},
  note		= {cat. no. P0302},
  url		= {www.statssa.gov.za/publications/P0302/P03022015.pdf},
  urldate 	= {06-06-2016}
}

@ARTICLE{stats2013mortality,
  author    = {Statistics, SA},
  title     = {Mortality and causes of death in South Africa, 2013: Findings from death notification},
  year      = {2013},
  pages     = {34},
  note		= {cat. no. P0309.3},
  url		= {http://www.statssa.gov.za/publications/P03093/P030932013.pdf},
  urldate 	= {06-06-2016}
}

@article{kinney2009sudden,
  title={The sudden infant death syndrome},
  author={Kinney, Hannah C and Thach, Bradley T},
  journal={New England Journal of Medicine},
  volume={361},
  number={8},
  pages={795--805},
  year={2009},
  publisher={Mass Medical Soc}
}

@techreport{unicef2015committing,
  title={Committing to child survival: a promise renewed},
  author={Unicef and others},
  year={2015},
  institution={eSocialSciences}
}

@techreport{unicef2015levels,
  title={Levels and trends in child mortality},
  author={Unicef and others},
  year={2015},
  institution={eSocialSciences}
}

%=======================================SIDS==================================

@article{willinger1994infant,
  title={Infant sleep position and risk for sudden infant death syndrome: report of meeting held January 13 and 14, 1994, National Institutes of Health, Bethesda, MD},
  author={Willinger, Marian and Hoffman, Howard J and Hartford, Robert B},
  journal={Pediatrics},
  volume={93},
  number={5},
  pages={814--819},
  year={1994},
  publisher={Am Acad Pediatrics}
}

@article{krous2008intrathoracic,
  title={Intrathoracic petechiae in SIDS: a retrospective population-based 15-year study},
  author={Krous, Henry F and Haas, Elisabeth A and Chadwick, Amy E and Masoumi, Homeyra and Stanley, Christina},
  journal={Forensic science, medicine, and pathology},
  volume={4},
  number={4},
  pages={234--239},
  year={2008},
  publisher={Springer}
}

@article{vennemann2007risk,
  title={Do risk factors differ between explained sudden unexpected death in infancy and sudden infant death syndrome?},
  author={Vennemann, Mechtild and Bajanowski, Thomas and Butterfa{\ss}-Bahloul, Trude and Sauerland, Christina and Jorch, Gerhard and Brinkmann, Bernd and Mitchell, Edwin A},
  journal={Archives of disease in childhood},
  volume={92},
  number={2},
  pages={133--136},
  year={2007},
  publisher={BMJ Publishing Group Ltd and Royal College of Paediatrics and Child Health}
}

@article{filiano1994perspective,
  title={A perspective on neuropathologic findings in victims of the sudden infant death syndrome: the triple-risk model},
  author={Filiano, JJ and Kinney, HC},
  journal={Neonatology},
  volume={65},
  number={3-4},
  pages={194--197},
  year={1994},
  publisher={Karger Publishers}
}

%===============================EAR ANATOMY==================================
@online{ExternalAuditoryCanal,
author={The Editors of Encyclop\ae{}dia Britannica},
title={External auditory canal},
day={13},
month={01},
year={2015},
url={https://global.britannica.com/science/external-auditory-canal},
urldate = {2016-06-27}
}

@article{alvord1997anatomy,
  title={Anatomy and orientation of the human external ear},
  author={Alvord, Lynn S and Farmer, Brenda L},
  journal={Journal-American academy of audiology},
  volume={8},
  pages={383--390},
  year={1997},
  publisher={DECKER PERIODICALS INC}
}

%===============================TEMPERATURE==================================

@article{erickson1993comparison,
  title={Comparison of ear-based, bladder, oral, and axillary methods for core temperature measurement.},
  author={Erickson, Roberta S and Kirklin, Sharon K},
  journal={Critical care medicine},
  volume={21},
  number={10},
  pages={1528--1534},
  year={1993},
  publisher={LWW}
}

@article{lefrant2003temperature,
  title={Temperature measurement in intensive care patients: comparison of urinary bladder, oesophageal, rectal, axillary, and inguinal methods versus pulmonary artery core method},
  author={Lefrant, J-Y and Muller, L and de La Coussaye, J Emmanuel and Benbabaali, M and Lebris, C and Zeitoun, N and Mari, C and Saissi, G and Ripart, J and Eledjam, J-J},
  journal={Intensive care medicine},
  volume={29},
  number={3},
  pages={414--418},
  year={2003},
  publisher={Springer}
}

@article{sund2002normal,
  title={Normal oral, rectal, tympanic and axillary body temperature in adult men and women: a systematic literature review},
  author={Sund-Levander, M{\"a}rtha and Forsberg, Christina and Wahren, Lis Karin},
  journal={Scandinavian journal of caring sciences},
  volume={16},
  number={2},
  pages={122--128},
  year={2002},
  publisher={Wiley Online Library}
}

@article{gerstcomparison,
  title={Comparison of Core Temperature Measurement from Bladder Temperature and ARC Devices InstaTemp MD},
  author={Gerst, Steven and MBA, MPH and CHE, Birgitta Gleeson and CEng, Finbar Dolan PhD and Eng, Martin Crawley B}
}

@phdthesis{nascimento2012evaluation,
  title={Evaluation of thermometers for ear temperature measurement at the wards in a university hospital},
  author={Nascimento, V{\'\i}tor Rodrigues do},
  year={2012},
  school={Faculdade de Ci{\^e}ncias e Tecnologia}
}

@book{jones2010biomedical,
  title={Biomedical Sensors},
  author={Jones, D.P.},
  isbn={9781606500569},
  series={Sensor technology series},
  url={https://books.google.co.za/books?id=7cI83YOIUTkC},
  year={2010},
  publisher={Momentum Press}
}

@inproceedings{stumme2003emissivity,
  title={Emissivity of bone},
  author={Stumme, Luke D and Baldini, Todd H and Jonassen, E Andrew and Bach, Joel M},
  booktitle={Summer Bioengineering Conference},
  pages={25--29},
  year={2003}
}

@online{EmissivityThermoWorks,
author={ThermoWorks},
title={Emissivity Table},
url={http://www.thermoworks.com/learning/emissivity\_table},
urldate = {2017-06-28}
}

@online{EmissivityOptotherm,
author={Optotherm},
title={Emissivity Table},
year={2017},
url={http://www.optotherm.com/emiss-table.htm},
urldate = {2017-06-28}
}

@online{irTempSensors,
author={Habib Karaki and Vasco Polyziev},
title={Demystifying Thermopile IR Temp Sensors},
year={2014},
url={http://www.sensorsmag.com/components/demystifying-thermopile-ir-temp-sensors},
urldate = {2016-07-16}
}



%===================================HR====================================
@online{normalRestingHR,
author={Edward R. Laskowski},
title={What's a normal resting heart rate?},
year={2015},
url={http://www.mayoclinic.org/healthy-lifestyle/fitness/expert-answers/heart-rate/faq-20057979},
urldate = {2017-06-28}
}

@Article{wang2010wearable,
  author       = {Wang, I-Jan and Liao, Lun-De and Wang, Yu-Te and Chen, Chi-Yu and Lin, Bor-Shyh and Lu, Shao-Wei and Lin, Chin-Teng},
  title        = {A Wearable Mobile Electrocardiogram measurement device with novel dry polymer-based electrodes},
  year         = {2010},
  pages        = {379--384},
  booktitle    = {TENCON 2010-2010 IEEE Region 10 Conference},
  organization = {IEEE},
}

@InProceedings{winokur2012wearable,
  author       = {Winokur, Eric S and Da He, David and Sodini, Charles G},
  title        = {A wearable vital signs monitor at the ear for continuous heart rate and pulse transit time measurements},
  booktitle    = {Engineering in Medicine and Biology Society (EMBC), 2012 Annual International Conference of the IEEE},
  year         = {2012},
  organization = {IEEE},
  pages        = {2724--2727},
}

@Article{park2015wearable,
  author    = {Park, Jang-Ho and Jang, Dae-Geun and Park, Jung Wook and Youm, Se-Kyoung},
  title     = {Wearable sensing of in-ear pressure for heart rate monitoring with a piezoelectric sensor},
  journal   = {Sensors},
  year      = {2015},
  volume    = {15},
  number    = {9},
  pages     = {23402--23417},
  publisher = {Multidisciplinary Digital Publishing Institute},
}

@Article{lin2013development,
  author    = {Lin, Bor-Shyh and Chou, Willy and Wang, Hsing-Yu and Huang, Yan-Jun and Pan, Jeng-Shyang},
  title     = {Development of novel non-contact electrodes for mobile electrocardiogram monitoring system},
  journal   = {IEEE journal of translational engineering in health and medicine},
  year      = {2013},
  volume    = {1},
  pages     = {1--8},
  publisher = {IEEE},
}

@Article{prawiro2016integrated,
  author    = {Prawiro, Eka Adi Prasetyo Joko and Yeh, Chun-I and Chou, Nai-Kuan and Lee, Ming-Wei and Lin, Yuan-Hsiang},
  title     = {Integrated Wearable System for Monitoring Heart Rate and Step during Physical Activity},
  journal   = {Mobile Information Systems},
  year      = {2016},
  volume    = {2016},
  publisher = {Hindawi Publishing Corporation},
}

@InProceedings{da2010ear,
  author  		= {Da He, David and Winokur, Eric S and Heldt, Thomas and Sodini, Charles G},
  title    		= {The ear as a location for wearable vital signs monitoring},
  booktitle		= {Engineering in Medicine and Biology Society (EMBC), 2010 Annual International Conference of the IEEE},
  year    		= {2010},
  organization 	= {IEEE},
  pages			= {6389--6392},
}

@article{tamura2014wearable,
  title		={Wearable photoplethysmographic sensorsâ€”past and present},
  author	={Tamura, Toshiyo and Maeda, Yuka and Sekine, Masaki and Yoshida, Masaki},
  journal	={Electronics},
  volume	={3},
  number	={2},
  pages		={282--302},
  year		={2014},
  publisher	={Multidisciplinary Digital Publishing Institute}
}

@article{poh2010motion,
  title		={Motion-tolerant magnetic earring sensor and wireless earpiece for wearable photoplethysmography},
  author	={Poh, Ming-Zher and Swenson, Nicholas C and Picard, Rosalind W},
  journal	={IEEE Transactions on Information Technology in Biomedicine},
  volume	={14},
  number	={3},
  pages		={786--794},
  year		={2010},
  publisher	={IEEE}
}

@inproceedings{shin2009novel,
  title			={A novel headset with a transmissive PPG sensor for heart rate measurement},
  author		={Shin, Kunsoo and Kim, Younho and Bae, Sanggon and Park, Kunkook and Kim, Sookwan},
  booktitle		={13th International Conference on Biomedical Engineering},
  pages			={519--522},
  year			={2009},
  organization	={Springer}
}

@article{buskeheartbeat,
  title={HEARTBEAT: DESIGN AND DEVELOPMENT OF A HEADPHONE},
  author={Buske, Orion and Neils, Chris and Regnier, Mike}
}

%===================================DSP====================================
@online{strokecenter,
author={Internet Stroke Center},
title={Internet Stroke Center},
year={2015},
url={http://www.strokecenter.org},
urldate = {2015-03-03}
}

%=============================Breathing==============================
@online{webMDSleepApnoea,
author={William Blahd},
title={MebMD Sleep Apnea},
day={06},
month={09},
year={2016},
url={http://www.webmd.com/sleep-disorders/sleep-apnea/sleep-apnea},
urldate = {2017-06-08}
}

@online{medscapeBreathingRate,
author={Edward Charbek},
title={Medscape Normal Vital Vigns},
day={27},
month={08},
year={2015},
url={http://emedicine.medscape.com/article/2172054-overview},
urldate = {2017-06-08}
}

@article{goverdovsky2016hearables,
  title={Hearables: Multimodal physiological in-ear sensing},
  author={Goverdovsky, Valentin and von Rosenberg, Wilhelm and Nakamura, Takashi and Looney, David and Sharp, David J and Papavassiliou, Christos and Morrell, Mary J and Mandic, Danilo P},
  journal={arXiv preprint arXiv:1609.03330},
  year={2016}
}

@article{yasuma2004_RSA,
  title={Respiratory sinus arrhythmia: why does the heartbeat synchronize with respiratory rhythm?},
  author={Yasuma, Fumihiko and Hayano, Jun-ichiro},
  journal={Chest Journal},
  volume={125},
  number={2},
  pages={683--690},
  year={2004},
  publisher={American College of Chest Physicians}
}

@article{moody1986clinical,
  title={Clinical validation of the ECG-derived respiration (EDR) technique},
  author={Moody, George B and Mark, Roger G and Bump, Marjorie A and Weinstein, Joseph S and Berman, Aaron D and Mietus, Joseph E and Goldberger, Ary L},
  journal={Group},
  volume={1},
  number={3},
  year={1986}
}

@article{clifton2007measurement,
  title={Measurement of respiratory rate from the photoplethysmogram in chest clinic patients},
  author={Clifton, David and Douglas, J Graham and Addison, Paul S and Watson, James N},
  journal={Journal of clinical monitoring and computing},
  volume={21},
  number={1},
  pages={55--61},
  year={2007},
  publisher={Springer}
}

@article{leonard2006fully,
  title={A fully automated algorithm for the determination of respiratory rate from the photoplethysmogram},
  author={Leonard, Paul A and Douglas, J Graham and Grubb, Neil R and Clifton, David and Addison, Paul S and Watson, James N},
  journal={Journal of clinical monitoring and computing},
  volume={20},
  number={1},
  pages={33--36},
  year={2006},
  publisher={Springer}
}

@article{johansson2003neural,
  title={Neural network for photoplethysmographic respiratory rate monitoring},
  author={Johansson, Anders},
  journal={Medical and Biological Engineering and Computing},
  volume={41},
  number={3},
  pages={242--248},
  year={2003},
  publisher={Springer}
}

%=============================SpO2==============================
@misc{WHO2011UsingPulseOxi,
  author		= {WorldHealthOrganization},
  title			= {Using the Pulse Oximeter},
  publisher		= {World Health Organization},
  year			= {2011},
  url			= {http://www.who.int/patientsafety/safesurgery/pulse\_oximetry/who\_ps\_pulse\_oxymetry\_tutorial2\_advanced\_en.pdf?ua=1},
  urldate 		= {2017-06-27}
}

@online{lambertANDbeer,
author	= {The Editors of EncyclopÃ¦dia Britannica},
title	= {Spectrophotometry},
url		= {https://www.britannica.com/science/spectrophotometry},
urldate = {2016-07-18}
}

@article{tytler1986nellcor,
  title={The Nellcor N-101 pulse oximeter},
  author={Tytler, JA and Seeley, HF},
  journal={Anaesthesia},
  volume={41},
  number={3},
  pages={302--305},
  year={1986},
  publisher={Wiley Online Library}
}

@manual{ti2012datasheet,
    organization  = {Texas Instruments},
    author        = {Chan, V and Underwood, S},
    title         = {A Single-Chip Pulsoximeter Design Using the MSP430},
    number        = {SLAA274B},
    year          = {2005},
    month         = {11},    
    note          = {Rev. Feb 2012}
}

@manual{ti2012application,
    organization  = {Texas Instruments},
    author        = {Oak, S and Aroul, P},
    title         = {How to Design Peripheral Oxygen Saturation (SpO2) and Optical Heart Rate Monitoring (OHRM) Systems Using the AFE4403},
    number        = {SLAA655},
    year          = {2015},
    month         = {3} 
}

@article{bagha2011real,
  title={A real time analysis of PPG signal for measurement of SpO2 and pulse rate},
  author={Bagha, Sangeeta and Shaw, Laxmi},
  journal={International journal of computer applications},
  volume={36},
  number={11},
  pages={45--50},
  year={2011},
  publisher={International Journal of Computer Applications, 244 5 th Avenue,\# 1526, New York, NY 10001, USA India}
}

@Article{bheema2013spo2,
  author    = {Bheema lingaiah, T and Hanumesh Kumar, D and Nagaraja, C},
  title     = {Measurement of Pulse rate and SPo2 using Pulse Oximeter developed using LabVIEW},
  journal   = {Journal of Electrical and Electronics Engineering},
  year      = {2013},
  volume    = {8},
  publisher = {IOSR},
}

@inproceedings{duun2007novel,
  title={A novel ring shaped photodiode for reflectance pulse oximetry in wireless applications},
  author={Duun, Sune and Haahr, Rasmus G and Birkelund, Karen and Raahauge, Palle and Petersen, Peter and Dam, Henrik and Noergaard, Lars and Thomsen, Erik V},
  booktitle={Sensors, 2007 IEEE},
  pages={596--599},
  year={2007},
  organization={IEEE}
}

@article{konig1998reflectance,
  title={Reflectance pulse oximetry--principles and obstetric application in the Zurich system},
  author={K{\"o}nig, Volker and Huch, Renate and Huch, Albert},
  journal={Journal of Clinical Monitoring and Computing},
  volume={14},
  number={6},
  pages={403--412},
  year={1998},
  publisher={Springer}
}

@article{nitzan2014calibration,
  title={Calibration-Free Pulse Oximetry Based on Two Wavelengths in the Infraredâ€”A Preliminary Study},
  author={Nitzan, Meir and Noach, Salman and Tobal, Elias and Adar, Yair and Miller, Yaacov and Shalom, Eran and Engelberg, Shlomo},
  journal={Sensors},
  volume={14},
  number={4},
  pages={7420--7434},
  year={2014},
  publisher={Multidisciplinary Digital Publishing Institute}
}

@misc{olive2016comparison,
  title={Comparison of fingertip and earlobe pulse oximetry with arterial blood gas results},
  author={Olive, Sandra and Twentyman, Orion and Ramsay, Crichton},
  year={2016},
  publisher={Eur Respiratory Soc}
}

@article{khalifa2014development,
  title={Development of wearable pulse oximetry for telehealth monitoring system},
  author={Khalifa, Othman Omran and Khan, TA and HM, Hazzaa},
  journal={Journal of Electrical Engineering},
  volume={14},
  number={4},
  pages={1--6},
  year={2014},
  publisher={Politechnica Publishing House}
}

@article{huang2014novel,
  title={Novel wearable and wireless ring-type pulse oximeter with multi-detectors},
  author={Huang, Cheng-Yang and Chan, Ming-Che and Chen, Chien-Yue and Lin, Bor-Shyh},
  journal={Sensors},
  volume={14},
  number={9},
  pages={17586--17599},
  year={2014},
  publisher={Multidisciplinary Digital Publishing Institute}
}

@inproceedings{pujary2003photodetector,
  title={Photodetector size considerations in the design of a noninvasive reflectance pulse oximeter for telemedicine applications},
  author={Pujary, C and Savage, M and Mendelson, Y},
  booktitle={Bioengineering Conference, 2003 IEEE 29th Annual, Proceedings of},
  pages={148--149},
  year={2003},
  organization={IEEE}
}

@inproceedings{watthanawisuth2010wireless,
  title={Wireless wearable pulse oximeter for health monitoring using ZigBee wireless sensor network},
  author={Watthanawisuth, N and Lomas, T and Wisitsoraat, A and Tuantranont, A},
  booktitle={Electrical Engineering/Electronics Computer Telecommunications and Information Technology (ECTI-CON), 2010 International Conference on},
  pages={575--579},
  year={2010},
  organization={IEEE}
}

@inproceedings{aziz2006pervasive,
  title={Pervasive body sensor network: an approach to monitoring the post-operative surgical patient},
  author={Aziz, Omer and Lo, Benny and King, Rachel and Darzi, Ara and Yang, Guang-Zhong},
  booktitle={Wearable and Implantable Body Sensor Networks, 2006. BSN 2006. International Workshop on},
  pages={4--pp},
  year={2006},
  organization={IEEE}
}

%=============================EEG==============================

@book{niedermeyer2005electroencephalography,
  title={Electroencephalography: Basic Principles, Clinical Applications, and Related Fields},
  author={Niedermeyer, E. and da Silva, F.H.L.},
  isbn={9780781751261},
  lccn={2004056721},
  series={LWW Doody's all reviewed collection},
  url={https://books.google.co.za/books?id=tndqYGPHQdEC},
  year={2005},
  publisher={Lippincott Williams \& Wilkins}
}

@book{nunez2006electric,
  title={Electric fields of the brain: the neurophysics of EEG},
  author={Nunez, Paul L and Srinivasan, Ramesh},
  year={2006},
  publisher={Oxford University Press, USA}
}

%===============EXAMPLES================

@ARTICLE{Cundall-1979,
  author    = {Cundall, P. A. and Strack, O. D. L.},
  title     = {A discrete numerical model for granular assemblies},
  journal   = {G\'eotechnique},
  year      = {1979},
  volume    = {29},
  pages     = {47--65},
  number    = {1}
}

@PHDTHESIS{Luding-1994,
  author    = {Luding, S.},
  title     = {Models and Simulations of Granular Materials},
  school    = {Universitï¿½t Freiburg},
  year      = {1994},
  type      = {PhD}
}

@INPROCEEDINGS{Luding-2004,
  author    = {Luding, S.},
  title     = {Molecular Dynamics Simulations of Granular Materials},
  booktitle = {The Physics of Granular Media},
  year      = {2004},
  editor    = {Hinrichsen, H. and Wolf, D.},
  pages     = {299--324},
  address   = {Weinheim},
  publisher = {Wiley-VCH}
}

@online{strokecenter,
author={Internet Stroke Center},
title={Internet Stroke Center},
year={2015},
url={http://www.strokecenter.org},
urldate = {2015-03-03}
}


%Evaluating Innovative In-Ear Pulse Oximetry for Unobtrusive Cardiovascular and Pulmonary Monitoring During Sleep
 

@Comment{jabref-meta: databaseType:biblatex;}
